<?xml version="1.0" encoding="UTF-8"?><collection xmlns="http://www.loc.gov/MARC21/slim"><record><leader>00494nam--2200181-i-4500</leader><controlfield tag="001">000033308</controlfield><controlfield tag="002">20161230</controlfield><controlfield tag="005">20161230201039</controlfield><controlfield tag="008">060222s1000------------r-----000-0-eng-d</controlfield><datafield ind1=" " ind2=" " tag="040"><subfield code="a">IFIN-HH</subfield></datafield><datafield ind1=" " ind2=" " tag="080"><subfield code="a">535(021)=2</subfield></datafield><datafield ind1="1" ind2=" " tag="100"><subfield code="a">Monk, George S</subfield></datafield><datafield ind1="1" ind2="0" tag="245"><subfield code="a">Light</subfield><subfield code="b">Principles and experiments</subfield><subfield code="c">George s. monk</subfield></datafield><datafield ind1=" " ind2=" " tag="250"><subfield code="a">First Edition. Sixth Impression</subfield></datafield><datafield ind1=" " ind2=" " tag="260"><subfield code="a">LONDON</subfield><subfield code="b">Mcgraw-hill Book Company, Inc</subfield><subfield code="c">1937</subfield></datafield><datafield ind1=" " ind2=" " tag="300"><subfield code="a">XI + 477P</subfield></datafield><datafield ind1=" " ind2=" " tag="852"><subfield code="a">553</subfield><subfield code="c">535</subfield></datafield><datafield ind1=" " ind2=" " tag="CAT"><subfield code="a">Sys</subfield><subfield code="c">20101014</subfield><subfield code="h">133604</subfield></datafield></record></collection>